
@manual{higgsMLdoc,
    author= {Claire Adam-Bourdarios and Glen Cowan and Cecile Germain and Isabelle Guyon
        and Balázs Kégl and David Rousseau},
    title= {Learning to discover: the Higgs boson machine learning challenge},
    year= {2014},
    url={https://higgsml.lal.in2p3.fr/files/2014/04/documentation_v1.8.pdf}
}